@manual{Sag,
  Key          = {SageMath},
  Author       = {{The Sage Developers}},
  Title        = {{S}ageMath, the {S}age {M}athematics {S}oftware {S}ystem ({V}ersion 7.1)},
  note         = {{\tt http://www.sagemath.org}},
  Year         = {2016},
}

@article {Ben,
    AUTHOR = {Bendat, Julius and Sherman, Seymour},
     TITLE = {Monotone and convex operator functions},
   JOURNAL = {Trans. Amer. Math. Soc.},
  FJOURNAL = {Transactions of the American Mathematical Society},
    VOLUME = {79},
      YEAR = {1955},
     PAGES = {58--71},
      ISSN = {0002-9947},
   MRCLASS = {46.2X},
  MRNUMBER = {0082655},
MRREVIEWER = {C. Loewner},
}

@article {Boo,
    AUTHOR = {de Boor, Carl},
     TITLE = {Divided differences},
   JOURNAL = {Surv. Approx. Theory},
  FJOURNAL = {Surveys in Approximation Theory},
    VOLUME = {1},
      YEAR = {2005},
     PAGES = {46--69},
      ISSN = {1555-578X},
   MRCLASS = {41A05 (41-02)},
  MRNUMBER = {2221566},
MRREVIEWER = {Peter Alfeld},
}

@article {Dob,
    AUTHOR = {Dobsch, Otto},
     TITLE = {Matrixfunktionen beschr\"ankter {S}chwankung},
   JOURNAL = {Math. Z.},
  FJOURNAL = {Mathematische Zeitschrift},
    VOLUME = {43},
      YEAR = {1938},
    NUMBER = {1},
     PAGES = {353--388},
      ISSN = {0025-5874},
     CODEN = {MAZEAX},
   MRCLASS = {Contributed Item},
  MRNUMBER = {1545729},
       DOI = {10.1007/BF01181100},
       URL = {http://dx.doi.org/10.1007/BF01181100},
}

@book {Don,
    AUTHOR = {Donoghue, Jr., William F.},
     TITLE = {Monotone matrix functions and analytic continuation},
      NOTE = {Die Grundlehren der mathematischen Wissenschaften, Band 207},
 PUBLISHER = {Springer-Verlag, New York-Heidelberg},
      YEAR = {1974},
     PAGES = {v+182},
   MRCLASS = {30A96 (30A14 30A30 47A10)},
  MRNUMBER = {0486556},
MRREVIEWER = {Harkrishan Vasudeva},
}

@article {Tom,
    AUTHOR = {Hansen, Frank and Tomiyama, Jun},
     TITLE = {Differential analysis of matrix convex functions},
   JOURNAL = {Linear Algebra Appl.},
  FJOURNAL = {Linear Algebra and its Applications},
    VOLUME = {420},
      YEAR = {2007},
    NUMBER = {1},
     PAGES = {102--116},
      ISSN = {0024-3795},
     CODEN = {LAAPAW},
   MRCLASS = {47A63 (26A51 47A56)},
  MRNUMBER = {2277632},
MRREVIEWER = {Jorge Antezana},
       DOI = {10.1016/j.laa.2006.06.018},
       URL = {http://dx.doi.org/10.1016/j.laa.2006.06.018},
}

@article {Tom2,
    AUTHOR = {Hansen, Frank and Tomiyama, Jun},
     TITLE = {Differential analysis of matrix convex functions. {II}},
   JOURNAL = {JIPAM. J. Inequal. Pure Appl. Math.},
  FJOURNAL = {JIPAM. Journal of Inequalities in Pure and Applied
              Mathematics},
    VOLUME = {10},
      YEAR = {2009},
    NUMBER = {2},
     PAGES = {Article 32, 5},
      ISSN = {1443-5756},
   MRCLASS = {47A63 (26A51 26B25)},
  MRNUMBER = {2511925},
}

@article {Han,
    AUTHOR = {Hansen, Frank},
     TITLE = {The fast track to {L}\"owner's theorem},
   JOURNAL = {Linear Algebra Appl.},
  FJOURNAL = {Linear Algebra and its Applications},
    VOLUME = {438},
      YEAR = {2013},
    NUMBER = {11},
     PAGES = {4557--4571},
      ISSN = {0024-3795},
     CODEN = {LAAPAW},
   MRCLASS = {26A48 (26A51 47A63)},
  MRNUMBER = {3034551},
MRREVIEWER = {Yu. V. Trubnikov},
       DOI = {10.1016/j.laa.2013.01.022},
       URL = {http://dx.doi.org/10.1016/j.laa.2013.01.022},
}

@article {Kra,
    AUTHOR = {Kraus, Fritz},
     TITLE = {\"{U}ber konvexe {M}atrixfunktionen},
   JOURNAL = {Math. Z.},
  FJOURNAL = {Mathematische Zeitschrift},
    VOLUME = {41},
      YEAR = {1936},
    NUMBER = {1},
     PAGES = {18--42},
      ISSN = {0025-5874},
     CODEN = {MAZEAX},
   MRCLASS = {Contributed Item},
  MRNUMBER = {1545602},
       DOI = {10.1007/BF01180403},
       URL = {http://dx.doi.org/10.1007/BF01180403},
}

@article {Low,
    AUTHOR = {L{\"o}wner, Karl},
     TITLE = {\"{U}ber monotone {M}atrixfunktionen},
   JOURNAL = {Math. Z.},
  FJOURNAL = {Mathematische Zeitschrift},
    VOLUME = {38},
      YEAR = {1934},
    NUMBER = {1},
     PAGES = {177--216},
      ISSN = {0025-5874},
     CODEN = {MAZEAX},
   MRCLASS = {Contributed Item},
  MRNUMBER = {1545446},
       DOI = {10.1007/BF01170633},
       URL = {http://dx.doi.org/10.1007/BF01170633},
}

@article {Chan,
    AUTHOR = {Chansangiam, Pattrawut},
     TITLE = {A survey on operator monotonicity, operator convexity, and
              operator means},
   JOURNAL = {Int. J. Anal.},
  FJOURNAL = {International Journal of Analysis},
      YEAR = {2015},
     PAGES = {Art. ID 649839, 8},
      ISSN = {2314-498X},
   MRCLASS = {47-02 (26B25 47A60 47A64)},
  MRNUMBER = {3426646},
       DOI = {10.1155/2015/649839},
       URL = {http://dx.doi.org/10.1155/2015/649839},
}

@article {Franz,
    AUTHOR = {Franz, Uwe and Hiai, Fumio and Ricard, \'Eric},
     TITLE = {Higher order extension of {L}\"owner's theory: operator
              {$k$}-tone functions},
   JOURNAL = {Trans. Amer. Math. Soc.},
  FJOURNAL = {Transactions of the American Mathematical Society},
    VOLUME = {366},
      YEAR = {2014},
    NUMBER = {6},
     PAGES = {3043--3074},
      ISSN = {0002-9947},
   MRCLASS = {47A56 (47A63)},
  MRNUMBER = {3180739},
       DOI = {10.1090/S0002-9947-2014-05942-4},
       URL = {http://dx.doi.org/10.1090/S0002-9947-2014-05942-4},
}

@article {Allen,
    AUTHOR = {Knutson, Allen and Tao, Terence},
     TITLE = {Honeycombs and sums of {H}ermitian matrices},
   JOURNAL = {Notices Amer. Math. Soc.},
  FJOURNAL = {Notices of the American Mathematical Society},
    VOLUME = {48},
      YEAR = {2001},
    NUMBER = {2},
     PAGES = {175--186},
      ISSN = {0002-9920},
   MRCLASS = {15A18 (20G05)},
  MRNUMBER = {1811121},
MRREVIEWER = {Chong Guang Cao},
}

@book {Marsh,
    AUTHOR = {Marshall, Albert W. and Olkin, Ingram and Arnold, Barry C.},
     TITLE = {Inequalities: theory of majorization and its applications},
    SERIES = {Springer Series in Statistics},
   EDITION = {Second},
 PUBLISHER = {Springer, New York},
      YEAR = {2011},
     PAGES = {xxviii+909},
      ISBN = {978-0-387-40087-7},
   MRCLASS = {26-02 (05-02 26D15 26D20 60E15)},
  MRNUMBER = {2759813},
       DOI = {10.1007/978-0-387-68276-1},
       URL = {http://dx.doi.org/10.1007/978-0-387-68276-1},
}

@article{Karam,
  title={Sur une in{\'e}galit{\'e} relative aux fonctions convexes},
  author={Karamata, Jovan},
  journal={Publications de l'Institut mathematique},
  volume={1},
  number={1},
  pages={145--147},
  year={1932},
  publisher={Matemati{\v{c}}ki institut SANU}
}

@book{Zhang,
  title={Matrix theory: basic results and techniques},
  author={Zhang, Fuzhen},
  year={2011},
  publisher={Springer Science \& Business Media}
}

@article{Brady,
  title={Inequalities and higher order convexity},
  author={Brady, Zarathustra},
  journal={arXiv preprint arXiv:1108.5249},
  year={2011}
}

@article{Arnold,
  title={Majorization: Here, there and everywhere},
  author={Arnold, Barry C},
  journal={Statistical Science},
  pages={407--413},
  year={2007},
  publisher={JSTOR}
}

@book{Bhatia,
  title={Positive definite matrices},
  author={Bhatia, Rajendra},
  year={2009},
  publisher={Princeton university press}
}

@article{Mulholland,
  title={On generalizations of Minkowski's inequality in the form of a triangle inequality},
  author={Mulholland, HP},
  journal={Proceedings of the London Mathematical Society},
  volume={2},
  number={1},
  pages={294--307},
  year={1949},
  publisher={Wiley Online Library}
}

@book{Horn,
  title={Matrix analysis},
  author={Horn, Roger A and Johnson, Charles R},
  year={2012},
  publisher={Cambridge university press}
}

@article{Carlen,
  title={Trace inequalities and quantum entropy: an introductory course},
  author={Carlen, Eric},
  journal={Entropy and the quantum},
  volume={529},
  pages={73--140},
  year={2010},
  publisher={Contemp. Math}
}

@book{Bhatia2,
  title={Matrix analysis},
  author={Bhatia, Rajendra},
  volume={169},
  year={2013},
  publisher={Springer Science \& Business Media}
}

@article{Hansen,
  title={Jensen's inequality for operators and L{\"o}wner's theorem},
  author={Hansen, Frank and Kj{\ae}rg{\aa}rd Pedersen, Gert},
  journal={Mathematische Annalen},
  volume={258},
  number={3},
  pages={229--241},
  year={1982},
  publisher={Springer}
}

@article{Helmke,
  title={Eigenvalue inequalities and Schubert calculus},
  author={Helmke, Uwe and Rosenthal, Joachim},
  journal={Mathematische Nachrichten},
  volume={171},
  pages={207--226},
  year={1995},
  publisher={Berlin, Akademie-Verlag.}
}

@article {Atiyah,
    AUTHOR = {Atiyah, M. F.},
     TITLE = {Convexity and commuting {H}amiltonians},
   JOURNAL = {Bull. London Math. Soc.},
  FJOURNAL = {The Bulletin of the London Mathematical Society},
    VOLUME = {14},
      YEAR = {1982},
    NUMBER = {1},
     PAGES = {1--15},
      ISSN = {0024-6093},
   MRCLASS = {53C15 (22E30 53C55 58F05)},
  MRNUMBER = {642416},
MRREVIEWER = {A. Morimoto},
       DOI = {10.1112/blms/14.1.1},
       URL = {http://dx.doi.org/10.1112/blms/14.1.1},
}

@article {Klyachko,
    AUTHOR = {Klyachko, Alexander A.},
     TITLE = {Stable bundles, representation theory and {H}ermitian
              operators},
   JOURNAL = {Selecta Math. (N.S.)},
  FJOURNAL = {Selecta Mathematica. New Series},
    VOLUME = {4},
      YEAR = {1998},
    NUMBER = {3},
     PAGES = {419--445},
      ISSN = {1022-1824},
   MRCLASS = {14J60 (14D20 14M25 14N15 15A42 20G05 47B15)},
  MRNUMBER = {1654578},
MRREVIEWER = {Alexey N. Rudakov},
       DOI = {10.1007/s000290050037},
       URL = {http://dx.doi.org/10.1007/s000290050037},
}

@article{Weyl,
  title={Das asymptotische Verteilungsgesetz der Eigenwerte linearer partieller Differentialgleichungen (mit einer Anwendung auf die Theorie der Hohlraumstrahlung)},
  author={Weyl, Hermann},
  journal={Mathematische Annalen},
  volume={71},
  number={4},
  pages={441--479},
  year={1912},
  publisher={Springer}
}

@book{Boo2,
  title={A practical guide to splines},
  author={De Boor, Carl and De Boor, Carl and Math{\'e}maticien, Etats-Unis and De Boor, Carl and De Boor, Carl},
  volume={27},
  year={1978},
  publisher={Springer-Verlag New York}
}

@article{Berco,
  title={A spectral commutant lifting theorem},
  author={Bercovici, Hari and Foias, Ciprian and Tannenbaum, Allen},
  journal={Transactions of the American Mathematical Society},
  volume={325},
  number={2},
  pages={741--763},
  year={1991}
}

@book{Nevan,
  title={{\"U}ber beschr{\"a}nkte funktionen die in gegebenen punkten vorgeschriebene werte annehmen...},
  author={Nevanlinna, Rolf},
  year={1919},
  publisher={Buchdruckerei-a.-g. Sana}
}

@article {Sarason,
    AUTHOR = {Sarason, Donald},
     TITLE = {Generalized interpolation in {$H^{\infty }$}},
   JOURNAL = {Trans. Amer. Math. Soc.},
  FJOURNAL = {Transactions of the American Mathematical Society},
    VOLUME = {127},
      YEAR = {1967},
     PAGES = {179--203},
      ISSN = {0002-9947},
   MRCLASS = {46.55 (30.00)},
  MRNUMBER = {0208383},
MRREVIEWER = {R. G. Douglas},
       DOI = {10.2307/1994641},
       URL = {http://dx.doi.org/10.2307/1994641},
}

@article{Pick,
  title={{\"U}ber die Beschr{\"a}nkungen analytischer Funktionen, welche durch vorgegebene Funktionswerte bewirkt werden},
  author={Pick, Georg},
  journal={Mathematische Annalen},
  volume={77},
  number={1},
  pages={7--23},
  year={1915},
  publisher={Springer}
}

@article{Sarason2,
  title={Nevanlinna-Pick interpolation with boundary data},
  author={Sarason, Donald},
  journal={Integral Equations and Operator Theory},
  volume={30},
  number={2},
  pages={231--250},
  year={1998},
  publisher={Springer}
}

@article{Hind,
  title={Pick’s conditions and analyticity},
  author={Hindmarsh, Alan},
  journal={Pacific Journal of Mathematics},
  volume={27},
  number={3},
  pages={527--531},
  year={1968},
  publisher={Mathematical Sciences Publishers}
}

@article{Bullen,
  title={A criterion for n-convexity},
  author={Bullen, Peter},
  journal={Pacific Journal of Mathematics},
  volume={36},
  number={1},
  pages={81--98},
  year={1971},
  publisher={Mathematical Sciences Publishers}
}

@book{Hardy,
  title={Inequalities},
  author={Hardy, Godfrey Harold and Littlewood, John Edensor and P{\'o}lya, George},
  year={1952},
  publisher={Cambridge university press}
}

@article{Muirhead,
  title={Some methods applicable to identities and inequalities of symmetric algebraic functions of n letters},
  author={Muirhead, Robb F},
  journal={Proceedings of the Edinburgh Mathematical Society},
  volume={21},
  pages={144--162},
  year={1902},
  publisher={Cambridge Univ Press}
}

@article {Frobenius,
    AUTHOR = {Frobenius, G.},
     TITLE = {Ueber die {E}ntwickelung analytischer {F}unctionen in
              {R}eihen, die nach gegebenen {F}unctionen fortschreiten},
   JOURNAL = {J. Reine Angew. Math.},
  FJOURNAL = {Journal f\"ur die Reine und Angewandte Mathematik. [Crelle's
              Journal]},
    VOLUME = {73},
      YEAR = {1871},
     PAGES = {1--30},
      ISSN = {0075-4102},
   MRCLASS = {DML},
  MRNUMBER = {1579503},
       DOI = {10.1515/crll.1871.73.1},
       URL = {http://dx.doi.org/10.1515/crll.1871.73.1},
}

@book{Kowal,
  title={Interpolation und gen{\"a}herte Quadratur},
  author={Kowalewski, Gerhard},
  year={1932},
  publisher={Teubner Leipzig und Berlin}
}

@article{Tropp,
  title={An introduction to matrix concentration inequalities},
  author={Tropp, Joel A and others},
  journal={Foundations and Trends{\textregistered} in Machine Learning},
  volume={8},
  number={1-2},
  pages={1--230},
  year={2015},
  publisher={Now Publishers, Inc.}
}

@book{Roberts,
  title={Convex functions},
  author={Roberts, A Wayne and Varberg, Dale E},
  volume={57},
  year={1974},
  publisher={Academic Press}
}

@book{Popoviciu,
  title={Les fonctions convexes},
  author={Popoviciu, Tiberiu},
  volume={992},
  year={1945},
  publisher={Bussi{\`e}re}
}

@article{Ando,
  title={Majorization, doubly stochastic matrices, and comparison of eigenvalues},
  author={Ando, Tsuyoshi},
  journal={Linear Algebra and Its Applications},
  volume={118},
  pages={163--248},
  year={1989},
  publisher={Elsevier}
}

@article{Azagra,
  title={Global approximation of convex functions},
  author={Azagra, DANIEL},
  journal={arXiv preprint arXiv:1112.1042},
  year={2011}
}

@article{Pinkus,
  title={Extending n-convex functions},
  author={Pinkus, Allan and Wulbert, Dan},
  journal={Studia Math},
  volume={171},
  number={2},
  pages={125--152},
  year={2005}
}
